<?xml version="1.0" encoding="UTF-8"?><collection xmlns="http://www.loc.gov/MARC21/slim"><record><leader>00453nam--2200145-i-4500</leader><controlfield tag="001">000006894</controlfield><controlfield tag="002">20161230</controlfield><controlfield tag="005">20170114221023</controlfield><controlfield tag="008">060222s1000------------r-----000-0-eng-d</controlfield><datafield ind1=" " ind2=" " tag="100"><subfield code="a">Chabert, A</subfield></datafield><datafield ind1=" " ind2=" " tag="245"><subfield code="a">Etude experimentale du comportement du transis tors soumis a des irradiations aux neutrons rapides et aux gamma du co 6o</subfield></datafield><datafield ind1=" " ind2=" " tag="260"><subfield code="a">Lyon</subfield><subfield code="b">Institut De Physique Nucleaire</subfield><subfield code="c">1964</subfield></datafield><datafield ind1=" " ind2=" " tag="300"><subfield code="a">16 p</subfield></datafield><datafield ind1=" " ind2=" " tag="852"><subfield code="a">14598</subfield></datafield><datafield ind1=" " ind2=" " tag="CAT"><subfield code="a">SYS</subfield><subfield code="c">20170114</subfield><subfield code="h">221023</subfield></datafield></record></collection>